@misc{polignano2024advanced,
	title={Advanced Natural-based interaction for the ITAlian language: LLaMAntino-3-ANITA}, 
	author={Marco Polignano and Pierpaolo Basile and Giovanni Semeraro},
	year={2024},
	eprint={2405.07101},
	archivePrefix={arXiv},
	primaryClass={cs.CL},
	url={https://arxiv.org/abs/2405.07101},
}

@article{dac2023okapi,
	title={Okapi: Instruction-tuned Large Language Models in Multiple Languages with Reinforcement Learning from Human Feedback},
	author={Dac Lai, Viet and Van Nguyen, Chien and Ngo, Nghia Trung and Nguyen, Thuat and Dernoncourt, Franck and Rossi, Ryan A and Nguyen, Thien Huu},
	journal={arXiv e-prints},
	pages={arXiv--2307},
	year={2023},
	url={https://arxiv.org/abs/2307.16039},
}

@misc{dubey2024llama3herdmodels,
	title={The Llama 3 Herd of Models}, 
	author={Llama Team, AI@Meta},
	year={2024},
	eprint={2407.21783},
	archivePrefix={arXiv},
	primaryClass={cs.AI},
	url={https://arxiv.org/abs/2407.21783}, 
}

@misc{hu2021loralowrankadaptationlarge,
	title={LoRA: Low-Rank Adaptation of Large Language Models}, 
	author={Edward J. Hu and Yelong Shen and Phillip Wallis and Zeyuan Allen-Zhu and Yuanzhi Li and Shean Wang and Lu Wang and Weizhu Chen},
	year={2021},
	eprint={2106.09685},
	archivePrefix={arXiv},
	primaryClass={cs.CL},
	url={https://arxiv.org/abs/2106.09685}, 
}

@misc{su2023roformerenhancedtransformerrotary,
	title={RoFormer: Enhanced Transformer with Rotary Position Embedding}, 
	author={Jianlin Su and Yu Lu and Shengfeng Pan and Ahmed Murtadha and Bo Wen and Yunfeng Liu},
	year={2023},
	eprint={2104.09864},
	archivePrefix={arXiv},
	primaryClass={cs.CL},
	url={https://arxiv.org/abs/2104.09864}, 
}

@misc{zhang2019rootmeansquarelayer,
	title={Root Mean Square Layer Normalization}, 
	author={Biao Zhang and Rico Sennrich},
	year={2019},
	eprint={1910.07467},
	archivePrefix={arXiv},
	primaryClass={cs.LG},
	url={https://arxiv.org/abs/1910.07467}, 
}

@misc{touvron2023llamaopenefficientfoundation,
	title={LLaMA: Open and Efficient Foundation Language Models}, 
	author={Hugo Touvron and Thibaut Lavril and Gautier Izacard and Xavier Martinet and Marie-Anne Lachaux and Timothée Lacroix and Baptiste Rozière and Naman Goyal and Eric Hambro and Faisal Azhar and Aurelien Rodriguez and Armand Joulin and Edouard Grave and Guillaume Lample},
	year={2023},
	eprint={2302.13971},
	archivePrefix={arXiv},
	primaryClass={cs.CL},
	url={https://arxiv.org/abs/2302.13971}, 
}